<record><leader>00000cas a2200000 a 4500</leader><controlfield tag="001">29198321</controlfield><controlfield tag="008">931026d19891998iluwr ne      0   a0eng c</controlfield><datafield ind1=" " ind2=" " tag="010"><subfield code="a">sn 93056102 </subfield></datafield><datafield ind1=" " ind2=" " tag="040"><subfield code="a">NVF</subfield><subfield code="b">eng</subfield><subfield code="c">NVF</subfield><subfield code="d">OCLCQ</subfield><subfield code="d">CVF</subfield><subfield code="d">NVF</subfield><subfield code="d">OCLCQ</subfield><subfield code="d">OCLCF</subfield><subfield code="d">OCLCO</subfield><subfield code="d">NVF</subfield></datafield><datafield ind1=" " ind2=" " tag="042"><subfield code="a">pcc</subfield></datafield><datafield ind1=" " ind2=" " tag="043"><subfield code="a">n-us-il</subfield></datafield><datafield ind1="0" ind2="0" tag="245"><subfield code="a">North suburban herald.</subfield></datafield><datafield ind1=" " ind2=" " tag="260"><subfield code="a">Loves Park, Ill. :</subfield><subfield code="b">Rockford Journal Buyer's Guide,</subfield><subfield code="c">1989-1998.</subfield></datafield><datafield ind1=" " ind2=" " tag="300"><subfield code="a">v.</subfield></datafield><datafield ind1=" " ind2=" " tag="310"><subfield code="a">Weekly</subfield></datafield><datafield ind1="0" ind2=" " tag="362"><subfield code="a">Aug. 16, 1989-v. 123, no. 32 (Aug. 5, 1998).</subfield></datafield><datafield ind1=" " ind2=" " tag="580"><subfield code="a">Formed by the union of: Loves Park post Machesney Park pilot and: Rockton-Roscoe herald.</subfield></datafield><datafield ind1=" " ind2="0" tag="651"><subfield code="a">Loves Park (Ill.)</subfield><subfield code="v">Newspapers.</subfield></datafield><datafield ind1=" " ind2="0" tag="651"><subfield code="a">Rockton (Ill.)</subfield><subfield code="v">Newspapers.</subfield></datafield><datafield ind1=" " ind2="0" tag="651"><subfield code="a">Roscoe (Ill.)</subfield><subfield code="v">Newspapers.</subfield></datafield><datafield ind1=" " ind2="0" tag="651"><subfield code="a">Machesney Park (Ill.)</subfield><subfield code="v">Newspapers.</subfield></datafield><datafield ind1=" " ind2="0" tag="651"><subfield code="a">Winnebago County (Ill.)</subfield><subfield code="v">Newspapers.</subfield></datafield><datafield ind1=" " ind2="7" tag="651"><subfield code="a">Illinois</subfield><subfield code="z">Loves Park.</subfield><subfield code="2">fast</subfield><subfield code="0">(OCoLC)fst01226545</subfield></datafield><datafield ind1=" " ind2="7" tag="651"><subfield code="a">Illinois</subfield><subfield code="z">Machesney Park.</subfield><subfield code="2">fast</subfield><subfield code="0">(OCoLC)fst01258468</subfield></datafield><datafield ind1=" " ind2="7" tag="651"><subfield code="a">Illinois</subfield><subfield code="z">Rockton.</subfield><subfield code="2">fast</subfield><subfield code="0">(OCoLC)fst01258814</subfield></datafield><datafield ind1=" " ind2="7" tag="651"><subfield code="a">Illinois</subfield><subfield code="z">Roscoe.</subfield><subfield code="2">fast</subfield><subfield code="0">(OCoLC)fst01258813</subfield></datafield><datafield ind1=" " ind2="7" tag="651"><subfield code="a">Illinois</subfield><subfield code="z">Winnebago County.</subfield><subfield code="2">fast</subfield><subfield code="0">(OCoLC)fst01206104</subfield></datafield><datafield ind1=" " ind2="7" tag="655"><subfield code="a">Newspapers.</subfield><subfield code="2">fast</subfield><subfield code="0">(OCoLC)fst01423814</subfield></datafield><datafield ind1=" " ind2=" " tag="752"><subfield code="a">United States</subfield><subfield code="b">Illinois</subfield><subfield code="c">Winnebago</subfield><subfield code="d">Loves Park.</subfield></datafield><datafield ind1="1" ind2="4" tag="780"><subfield code="t">Loves Park post Machesney Park pilot</subfield><subfield code="w">(DLC)  2009271133</subfield><subfield code="w">(OCoLC)496013962</subfield></datafield><datafield ind1="1" ind2="4" tag="780"><subfield code="t">Rockton-Roscoe herald</subfield><subfield code="w">(DLC)sn 87001992</subfield><subfield code="w">(OCoLC)16207721</subfield></datafield><datafield ind1="0" ind2="0" tag="785"><subfield code="t">Rockton Roscoe herald (Loves Park, Ill.)</subfield><subfield code="w">(DLC)  2009271134</subfield><subfield code="w">(OCoLC)496020960</subfield></datafield><datafield ind1="1" ind2=" " tag="029"><subfield code="a">AU@</subfield><subfield code="b">000025852598</subfield></datafield></record>